@misc{parallel-tool,
  author    = {Tange,  Ole},
  copyright = {GNU General Public License v3.0 or later},
  publisher = {Zenodo},
  title     = {GNU Parallel 20210822 ('Kabul')},
  url       = {https://zenodo.org/record/5233953},
  year      = {2021}
}


@article{Tange2011a,
  address = {Frederiksberg, Denmark},
  author  = {Tange, Ole},
  journal = {;login: The USENIX Magazine},
  month   = {Feb},
  number  = {1},
  pages   = {42-47},
  title   = {GNU Parallel - The Command-Line Power Tool},
  url     = {http://www.gnu.org/s/parallel},
  volume  = {36},
  year    = {2011}
}#


@misc{gnuHistoryParallel,
	author = {Ole Tange},
	title = {{H}istory of {G}{N}{U} {P}arallel - {G}{N}{U} {P}roject --- gnu.org},
	howpublished = {\url{https://www.gnu.org/software/parallel/history.html}},
	year = {2021},
	note = {[Accessed 30-Jun-2022]},
}